@inproceedings{leo_federated_2014,
	title = {A federated architecture approach for {Internet} of {Things} security},
	doi = {10.1109/EMTC.2014.6996632},
	booktitle = {2014 {Euro} {Med} {Telco} {Conference} ({EMTC})},
	author = {Leo, Marco and Battisti, Federica and Carli, Marco and Neri, Alessandro},
	month = {Noviembre},
	year = {2014},
	pages = {1--5}
}

@misc{openflow,
	author = {{ONF}},
	title = {OpenFlow Switch Specification Ver 1.5.1},
	note = "[Online; Accedido 17-Junio-2021] \url{https://opennetworking.org/wp-content/uploads/2014/10/openflow-switch-v1.5.1.pdf}",
	online = "yes"
}

@article{alam_survey_2020,
	title = {A {Survey} of {Network} {Virtualization} {Techniques} for {Internet} of {Things} {Using} {SDN} and {NFV}},
	volume = {53},
	issn = {0360-0300, 1557-7341},
	url = {https://dl.acm.org/doi/10.1145/3379444},
	doi = {10.1145/3379444},
	language = {en},
	number = {2},
	urldate = {2021-06-17},
	journal = {ACM Computing Surveys},
	author = {Alam, Iqbal and Sharif, Kashif and Li, Fan and Latif, Zohaib and Karim, M. M. and Biswas, Sujit and Nour, Boubakr and Wang, Yu},
	month = jul,
	year = {2020},
	pages = {1--40}
}

@book{noauthor_seguridad_nodate,
	title = {Seguridad y responsabilidad en la {Internet} de las cosas ({IoT}){Llaneza} {Gonz√°lez}, {Paloma}},
	url = {http://www.dykinson.com/libros/seguridad-y-responsabilidad-en-la-internet-de-las-cosas-iot/9788490902929/},
	language = {es}
}

